<collection xmlns="http://www.loc.gov/MARC21/slim">
<record>
  <leader>02006nam0a2200325 i 450 </leader>
  <controlfield tag="001">IT\ICCU\CNCE\015897</controlfield>
  <controlfield tag="005">20190502000000.0</controlfield>
  <datafield tag="012" ind1=" " ind2=" ">
    <subfield code="a">2019 +3o, 5617 6454 (3) 1546 (R)</subfield>
    <subfield code="2">fei</subfield>
  </datafield>
  <datafield tag="100" ind1=" " ind2=" ">
    <subfield code="a">19970101d1546        0itac0103    ba</subfield>
  </datafield>
  <datafield tag="101" ind1=" " ind2=" ">
    <subfield code="a">ITA</subfield>
  </datafield>
  <datafield tag="102" ind1=" " ind2=" ">
    <subfield code="a">IT</subfield>
  </datafield>
  <datafield tag="200" ind1="1" ind2=" ">
    <subfield code="a">Libretti nuoui con le regole  di Francesco Dal Sole gallo. Nequali, meditante la theorica, &amp; pratica, gli adolescenti, &amp; etiamdio nobeli, mercadanti, artesani, abbachisti, arithmetici, raggionati, scrittori, et iudici, de cittade, terre, castelli, &amp; altri luoghi, potranno, con breue industria, informarsi delle sette scienze, et arte liberale. Con additioni astronomici, della forma del mondo, cieli, terra, pianette, stelle, ...  Nuouamente calculati et posti in luce</subfield>
  </datafield>
  <datafield tag="210" ind1=" " ind2=" ">
    <subfield code="d">1546</subfield>
    <subfield code="e">In Ferrara</subfield>
    <subfield code="g">nella stampa di Giouanni de Buglhat &amp; Antonio Hucher</subfield>
    <subfield code="g">ad instantia de Rinaldo</subfield>
    <subfield code="h">cuoco dell&apos;illustrissimo signor duca nel mese di zenaro 1546</subfield>
  </datafield>
  <datafield tag="215" ind1=" " ind2=" ">
    <subfield code="a">\2!, 40 c.</subfield>
    <subfield code="d">4ʻ</subfield>
  </datafield>
  <datafield tag="620" ind1=" " ind2=" ">
    <subfield code="a">IT</subfield>
    <subfield code="d">Ferrara</subfield>
  </datafield>
  <datafield tag="700" ind1=" " ind2="1">
    <subfield code="a">Dal_Sole,</subfield>
    <subfield code="b">Francesco</subfield>
    <subfield code="3">IT\ICCU\CNCA\004580</subfield>
  </datafield>
  <datafield tag="712" ind1="0" ind2="0">
    <subfield code="a">Buglhat, Giovanni &amp; Hucher, Antonio</subfield>
    <subfield code="3">IT\ICCU\CNCT\001716</subfield>
    <subfield code="4">650</subfield>
  </datafield>
  <datafield tag="712" ind1="0" ind2="2">
    <subfield code="a">Rinaldo</subfield>
    <subfield code="3">IT\ICCU\CNCT\003627</subfield>
    <subfield code="4">650</subfield>
  </datafield>
  <datafield tag="790" ind1=" " ind2="1">
    <subfield code="a">Sole,</subfield>
    <subfield code="b">Francesco : dal</subfield>
    <subfield code="3">IT\ICCU\CNCA\004582</subfield>
    <subfield code="z">Dal_Sole, Francesco</subfield>
  </datafield>
  <datafield tag="790" ind1=" " ind2="1">
    <subfield code="a">Du_Soleil,</subfield>
    <subfield code="b">Jean-Franȯis</subfield>
    <subfield code="3">IT\ICCU\CNCA\004583</subfield>
    <subfield code="z">Dal_Sole, Francesco</subfield>
  </datafield>
  <datafield tag="790" ind1=" " ind2="1">
    <subfield code="a">Sole,</subfield>
    <subfield code="b">Giovanni Francesco : dal</subfield>
    <subfield code="3">IT\ICCU\CNCA\010193</subfield>
    <subfield code="z">Dal_Sole, Francesco</subfield>
  </datafield>
  <datafield tag="791" ind1="0" ind2="0">
    <subfield code="a">Hucher, Antonio</subfield>
    <subfield code="3">IT\ICCU\CNCT\001717</subfield>
    <subfield code="z">Buglhat, Giovanni &amp; Hucher, Antonio</subfield>
  </datafield>
  <datafield tag="801" ind1=" " ind2="3">
    <subfield code="a">IT</subfield>
    <subfield code="b">ICCU</subfield>
    <subfield code="c">20201114</subfield>
  </datafield>
  <datafield tag="899" ind1=" " ind2=" ">
    <subfield code="a">Biblioteca comunale Ariostea. Ferrara</subfield>
    <subfield code="1">FE0017</subfield>
    <subfield code="2">UFE AR</subfield>
  </datafield>
  <datafield tag="899" ind1=" " ind2=" ">
    <subfield code="a">Biblioteca nazionale centrale. Firenze</subfield>
    <subfield code="1">FI0098</subfield>
    <subfield code="2">CFI CF</subfield>
  </datafield>
  <datafield tag="899" ind1=" " ind2=" ">
    <subfield code="a">Biblioteca comunale Augusta. Perugia</subfield>
    <subfield code="z">MUTILO</subfield>
    <subfield code="1">PG0109</subfield>
    <subfield code="2">UM1 01</subfield>
  </datafield>
  <datafield tag="899" ind1=" " ind2=" ">
    <subfield code="a">Biblioteca Palatina. Parma</subfield>
    <subfield code="1">PR0072</subfield>
    <subfield code="2">PAR PA</subfield>
  </datafield>
  <datafield tag="899" ind1=" " ind2=" ">
    <subfield code="a">Biblioteca comunale Giuseppe Taroni. Bagnacavallo</subfield>
    <subfield code="1">RA0002</subfield>
    <subfield code="2">RAV BC</subfield>
  </datafield>
  <datafield tag="899" ind1=" " ind2=" ">
    <subfield code="a">Biblioteca nazionale centrale. Roma</subfield>
    <subfield code="1">RM0267</subfield>
    <subfield code="2">BVE CR</subfield>
  </datafield>
  <datafield tag="899" ind1=" " ind2=" ">
    <subfield code="a">Biblioteca Casanatense. Roma</subfield>
    <subfield code="1">RM0313</subfield>
    <subfield code="2">RML 07</subfield>
  </datafield>
</record>
</collection>
